<record><leader>00000cas a22000007a 4500</leader><controlfield tag="001">29985501</controlfield><controlfield tag="008">940318d18681868nyuwr ne      0    0eng d</controlfield><datafield ind1=" " ind2=" " tag="010"><subfield code="a">sn 94057738 </subfield></datafield><datafield ind1=" " ind2=" " tag="040"><subfield code="a">NYS</subfield><subfield code="b">eng</subfield><subfield code="c">NYS</subfield><subfield code="d">OCLCQ</subfield><subfield code="d">OCLCF</subfield><subfield code="d">OCLCO</subfield></datafield><datafield ind1=" " ind2=" " tag="042"><subfield code="a">msc</subfield></datafield><datafield ind1=" " ind2=" " tag="043"><subfield code="a">n-us-ny</subfield></datafield><datafield ind1="0" ind2=" " tag="130"><subfield code="a">Northern New York journal (Watertown, N.Y. : 1868)</subfield></datafield><datafield ind1="1" ind2="0" tag="245"><subfield code="a">Northern New York journal.</subfield></datafield><datafield ind1="3" ind2="0" tag="246"><subfield code="a">Northern journal</subfield></datafield><datafield ind1=" " ind2=" " tag="260"><subfield code="a">Watertown, N.Y. :</subfield><subfield code="b">Solon M. Hazen</subfield></datafield><datafield ind1=" " ind2=" " tag="300"><subfield code="a">1 v.</subfield></datafield><datafield ind1=" " ind2=" " tag="310"><subfield code="a">Weekly</subfield></datafield><datafield ind1="1" ind2=" " tag="362"><subfield code="a">Began in 1868.</subfield></datafield><datafield ind1="1" ind2=" " tag="362"><subfield code="a">Ceased in May 1868.</subfield><subfield code="z">Cf. Haddock, J.A. Growth of a century ... Jefferson Co., N.Y., 1894.</subfield></datafield><datafield ind1=" " ind2=" " tag="500"><subfield code="a">"New York" appears within title ornament.</subfield></datafield><datafield ind1=" " ind2=" " tag="588"><subfield code="a">Description based on: Vol. 22, no. 25 (Feb. 20, 1868).</subfield></datafield><datafield ind1=" " ind2="0" tag="651"><subfield code="a">Watertown (N.Y.)</subfield><subfield code="v">Newspapers.</subfield></datafield><datafield ind1=" " ind2="0" tag="651"><subfield code="a">Jefferson County (N.Y.)</subfield><subfield code="v">Newspapers.</subfield></datafield><datafield ind1=" " ind2="7" tag="655"><subfield code="a">Newspapers.</subfield><subfield code="2">fast</subfield><subfield code="0">(OCoLC)fst01423814</subfield></datafield><datafield ind1=" " ind2="7" tag="651"><subfield code="a">New York (State)</subfield><subfield code="z">Jefferson County.</subfield><subfield code="2">fast</subfield><subfield code="0">(OCoLC)fst01209430</subfield></datafield><datafield ind1=" " ind2="7" tag="651"><subfield code="a">New York (State)</subfield><subfield code="z">Watertown.</subfield><subfield code="2">fast</subfield><subfield code="0">(OCoLC)fst01221269</subfield></datafield><datafield ind1=" " ind2=" " tag="752"><subfield code="a">United States</subfield><subfield code="b">New York</subfield><subfield code="c">Jefferson</subfield><subfield code="d">Watertown.</subfield></datafield><datafield ind1="0" ind2="0" tag="780"><subfield code="t">Northern New York weekly journal</subfield><subfield code="w">(DLC)sn 94057737</subfield><subfield code="w">(OCoLC)29985499</subfield></datafield><datafield ind1="0" ind2="7" tag="785"><subfield code="t">New York weekly reformer (Watertown, N.Y. : 1867)</subfield><subfield code="w">(DLC)sn 94057764</subfield><subfield code="w">(OCoLC)30407133</subfield></datafield><datafield ind1="0" ind2="7" tag="785"><subfield code="t">New York weekl reformer and northern New York journal</subfield><subfield code="w">(DLC)sn 90457765</subfield><subfield code="w">(OCoLC)30407135</subfield></datafield></record>